## Examples 

@article{Knuth92,
	author = {D.E. Knuth},
	journal = {Amer. Math. Monthly},
	pages = {403--422},
	title = {Two notes on notation},
	volume = {99},
	year = {1992}}

@book{ConcreteMath,
	address = {Reading, MA},
	author = {R.L. Graham and D.E. Knuth and O. Patashnik},
	publisher = {Addison-Wesley},
	title = {Concrete mathematics},
	year = {1989}}

@unpublished{Simpson,
	author = {H. Simpson},
	note = {preprint (2003), available at \texttt{http://www.math.drofnats.edu/riemann.ps}},
	title = {Proof of the {R}iemann {H}ypothesis},
	year = {2003}}

@incollection{Er01,
	address = {Cambridge},
	author = {P. Erd{\H o}s},
	booktitle = {Recent trends in combinatorics (Matrahaza, 1995)},
	pages = {1--6},
	publisher = {Cambridge Univ. Press},
	title = {A selection of problems and results in combinatorics},
	year = {1995}}

@article{greenwade93,
	author = {George D. Greenwade},
	journal = {TUGBoat},
	number = {3},
	pages = {342--351},
	title = {The {C}omprehensive {T}ex {A}rchive {N}etwork ({CTAN})},
	volume = {14},
	year = {1993}}

@online{results,
author = {{Danske Bank}},
title = {Financial results for 2015},
url = {https://www.danskebank.com/en-uk/ir/Documents/2015/Q4/PresentationQ42015-Press.pdf},
organization = {Danske Bank},
date = {2016-02-02},
urldate = {2017-03-04}
}

## References by First Author surname 

@inproceedings{broman2017recommendations,
	author = {Broman, Karl and Cetinkaya-Rundel, Mine and Nussbaum, Amy and Paciorek, Christopher and Peng, Roger and Turek, Daniel and Wickham, Hadley},
	booktitle = {American Statistical Association},
	pages = {1--4},
	title = {Recommendations to funding agencies for supporting reproducible research},
	volume = {2},
	year = {2017}}


@book{ONeil2016weapons,
	author = {O'Neil, Cathy},
	publisher = {Broadway books},
	title = {Weapons of Math Destruction: How big data increases inequality and threatens democracy},
	year = {2016}}

@online{Patil2022presentation,
	author = {Patil, Indrajeet},
	title = {The second hardest thing in Compuer Science},
	url = {https://github.com/IndrajeetPatil/second-hardest-cs-thing/tree/77c3cc0d40cd45611fcf0a4a1e8200864208edbc}, 
	date = {2022-10-25},
	urldate = {2022-10-31}
}

@online{wickham2022style,
	author = {Wickham, Hadley}, 
	title = {The tidyverse style guide},
	url = {https://style.tidyverse.org/index.html},
	date = {2022-07-24},
	urldate = {2022-10-31}
}