% Examples 

@inproceedings{vandePaper08,
    author = {Alice {van de Paper} and Bob Authorson and Carrie Writerman},
    title = {A paper on writing papers},
    year = {2008},
    booktitle = {Advances in Good Paper Writing Processes}}

@article{vandePaper09,
    author = {Alice {van de Paper} and Bob Authorson},
    title = {A really long paper on writing papers},
    year = {2009},
    volume = {10},
    number = {3},
    pages = {1234--5678},
    journal = {The Annals of Paper Writing}}

@article{vandePaper09b,
    author = {Alice {van de Paper} and Bob Authorson},
    title = {A really long paper on writing papers},
    year = {2009},
    journal = {arXiv:0901.23456}}

@book{vandePaper10,
    author = {Alice {van de Paper}},
    title = {Writing Lots of Papers: A Book About It},
    year = {2009},
    edition = {$2^\text{nd}$},
    publisher = {Paper Writing Press}}

@incollection{vandePaper10,
    author = {Alice {van de Paper}},
    title = {A Chapter on Writing Papers},
    editor = {Bob Authorson and Carrie Writerman},
    booktitle = {The Handbook of Paper Writing},
    publisher = {Paper Writing Press},
    year = {2009},
    pages = {266--290},
    chapter = {10}}


%================================================================ 
% A 
%===============================================================

%================================================================ 
% B 
%===============================================================

%================================================================ 
% C 
%===============================================================

%================================================================ 
% D 
%===============================================================

%================================================================ 
% E 
%===============================================================

%================================================================ 
% F 
%===============================================================

%================================================================ 
% G 
%===============================================================

@techreport{gelman2013garden,
	author = {Andrew Gelman and Eric Loken},
	title = {The garden of forking paths: Why multiple comparisons can be a problem, even when there is no “fishing expedition” or “p-hacking” and the research hypothesis was posited ahead of time},
	year={2013},
  	institution = {Columbia University},
}

%================================================================ 
% H 
%===============================================================

%================================================================ 
% I 
%===============================================================

%================================================================ 
% J 
%===============================================================

%================================================================ 
% K 
%===============================================================

%================================================================ 
% L 
%===============================================================

%================================================================ 
% M 
%===============================================================

%================================================================ 
% N 
%===============================================================

%================================================================ 
% O 
%===============================================================

%================================================================ 
% P 
%===============================================================

%================================================================ 
% Q 
%===============================================================

%================================================================ 
% R 
%===============================================================

%================================================================ 
% S 
%===============================================================

%================================================================ 
% T 
%===============================================================

%================================================================ 
% U 
%===============================================================

%================================================================ 
% V 
%===============================================================

%================================================================ 
% W 
%===============================================================

%================================================================ 
% X 
%==============================================================

%================================================================ 
% Y 
%===============================================================

%================================================================ 
% Z 
%===============================================================


@article{gelman2013garden,
  title={The garden of forking paths: Why multiple comparisons can be a problem, even when there is no “fishing expedition” or “p-hacking” and the research hypothesis was posited ahead of time},
  author={Gelman, Andrew and Loken, Eric},
  journal={Department of Statistics, Columbia University},
  volume={348},
  number={1-17},
  pages={3},
  year={2013}
}
