%% This BibTeX bibliography file was created using BibDesk.
%% https://bibdesk.sourceforge.io/

%% Created for Zak Varty at 2023-09-14 17:13:48 +0100 


%% Saved with string encoding Unicode (UTF-8) 



@inproceedings{broman2017recommendations,
	author = {Broman, Karl and Cetinkaya-Rundel, Mine and Nussbaum, Amy and Paciorek, Christopher and Peng, Roger and Turek, Daniel and Wickham, Hadley},
	booktitle = {American Statistical Association},
	pages = {1--4},
	title = {Recommendations to funding agencies for supporting reproducible research},
	volume = {2},
	year = {2017}}
